@book{cormen2009introduction,
  title={Introduction to algorithms},
  author={Cormen, Thomas H and Leiserson, Charles E and Rivest, Ronald L and Stein, Clifford},
  year={2009},
  publisher={MIT press}
}

@book{halim2013competitive,
  title={Competitive Programming 3},
  author={Halim, Steven and Halim, Felix and Skiena, Steven S and Revilla, Miguel A},
  year={2013},
  publisher={Lulu Independent Publish}
}
